@article{liu2016neural,
  title={Neural code completion},
  author={Liu, Chang and Wang, Xin and Shin, Richard and Gonzalez, Joseph E and Song, Dawn},
  year={2016}
}